@inproceedings{chaum1983blind,
  title={Blind signatures for untraceable payments},
  author={Chaum, David},
  booktitle={Advances in cryptology},
  pages={199--203},
  year={1983},
  organization={Springer}
}
